@book{adams1995hitchhiker,
  title={The Hitchhiker's Guide to the Galaxy},
  author={Adams, D.},
  isbn={9781417642595},
  url={http://books.google.com/books?id=W-xMPgAACAAJ},
  year={1995},
  publisher={San Val}
}
@Misc{std:SIAP,
  editor =       {Paul Harrison},
  author =       {Doug Tody and Ray Plante},
  title =        {Simple Image Access Specification},
  howpublished = {{IVOA Recommendation}},
  year =         {2009},
  url =          {http://www.ivoa.net/documents/latest/SIA.html}
}
@Misc{std:OBSCORE,
	author={Mireille Louys and Francois Bonnarel and David Schade and 
		Patrick Dowler and Alberto Micol and Daniel Durand and Doug Tody 
		and Laurent Michel and Jesus Salgado and Igor Chilingarian 
		and Bruno Rino and Juan de Dios Santander and Petr Skoda},
	editor={Doug Tody and Alberto Micol and Daniel Durand and Mireille Louys},
	howpublished={{IVOA Recommendation}},
	title={Observation Data Model Core Components and its Implementation
		in the {Table Access Protocol}, Version 1.0},
	year=2011,
	url={http://www.ivoa.net/documents/ObsCore/20111028/REC-ObsCore-v1.0-20111028.pdf}
}
@Misc{std:EPNTAP,
	author={Erard, {St\'ephane} and Cecconi, Baptiste and Le Sidaner, Pierre and 
		Demleitner, markus},
	editor={Erard, {St\'ephane} and Cecconi, Baptiste},
	howpublished={{IVOA Working Draft}},
	title={EPN-TAP: Publishing Solar System Data to the Virtual Observatory, Version 2.0},
	year=2021,
	url={https://ivoa.net/documents/EPNTAP/20201027/index.html}
}

@Misc{std:SIAV2,
   author = {{Dowler}, P. and {Bonnarel}, F. and {Tody}, D.},
    title = "{IVOA Simple Image Access Version 2.0}",
howpublished = {IVOA Recommendation 23 December 2015},
     year = 2015,
    month = dec,
   editor = {{Dowler}, P. and {Bonnarel}, F.},
   adsurl = {http://adsabs.harvard.edu/abs/2015ivoa.spec.1223D},
  adsnote = {Provided by the SAO/NASA Astrophysics Data System}
}
@MISC{2015ivoa.spec.0617D,
       author = {{Dowler}, Patrick and {Bonnarel}, Fran{\c{c}}ois and {Michel}, Laurent and {Demleitner}, Markus},
        title = "{IVOA DataLink Version 1.0}",
     keywords = {Astrophysics - Instrumentation and Methods for Astrophysics},
 howpublished = {IVOA Recommendation 17 June 2015},
         year = 2015,
        month = jun,
        pages = {617},
          doi = {10.5479/ADS/bib/2015ivoa.spec.0617D},
archivePrefix = {arXiv},
       eprint = {1509.06152},
 primaryClass = {astro-ph.IM},
       adsurl = {https://ui.adsabs.harvard.edu/abs/2015ivoa.spec.0617D},
      adsnote = {Provided by the SAO/NASA Astrophysics Data System}
}

@Misc{std:TAP,
  author =       {Patrick Dowler and Guy Rixon and Doug Tody},
  title =        {Table Access Protocol Version 1.0},
  howpublished = {{IVOA Recommendation}},
  month =        mar,
  year =         2010,
  url =          {http://www.ivoa.net/documents/TAP}
}

@Misc{std:SODA,
   author = {{Bonnarel}, F. and {Dowler}, P. and {Demleitner}, M. and {Tody}, D. and  {Dempsey}, J.
	},
    title = "{IVOA Server-side Operations for Data Access Version 1.0}",
howpublished = {IVOA Recommendation 17 May 2017},
     year = 2017,
    month = may,
archivePrefix = "arXiv",
   eprint = {1710.08791},
 primaryClass = "astro-ph.IM",
   editor = {{Fran{\c c}ois Bonnarel}, P.~D.},
   adsurl = {http://adsabs.harvard.edu/abs/2017ivoa.spec.0517B},
  adsnote = {Provided by the SAO/NASA Astrophysics Data System}
}


@Misc{std:SCS,
  editor =       {Raymond Plante},
  author =       {Roy Williams and Robert Hanisch and Alex Szalay and Raymond Plante},
  title =        {Simple Cone Search},
  howpublished = {{IVOA Recommendation}},
  year =         {2008},
  url =          {http://www.ivoa.net/documents/latest/ConeSearch.html}
}

@MISC{2017ivoa.spec.0519F,
       author = {{Fernique}, Pierre and {Allen}, Mark and {Boch}, Thomas and {Donaldson}, Tom and {Durand}, Daniel and {Ebisawa}, Ken and {Michel}, Laurent and {Salgado}, Jesus and {Stoehr}, Felix},
        title = "{HiPS - Hierarchical Progressive Survey Version 1.0}",
     keywords = {Astrophysics - Instrumentation and Methods for Astrophysics},
 howpublished = {IVOA Recommendation 19 May 2017},
         year = 2017,
        month = may,
        pages = {519},
          doi = {10.5479/ADS/bib/2017ivoa.spec.0519F},
archivePrefix = {arXiv},
       eprint = {1708.09704},
 primaryClass = {astro-ph.IM},
       adsurl = {https://ui.adsabs.harvard.edu/abs/2017ivoa.spec.0519F},
      adsnote = {Provided by the SAO/NASA Astrophysics Data System}
}

@MISC{2020ivoa.spec.0411S,
       author = {{Servillat}, Mathieu and {Riebe}, Kristin and {Boisson}, Catherine and {Bonnarel}, Fran{\c{c}}ois and {Galkin}, Anastasia and {Louys}, Mireille and {Nullmeier}, Markus and {Renault-Tinacci}, Nicolas and {Sanguillon}, Mich{\`e}le and {Streicher}, Ole},
        title = "{IVOA Provenance Data Model Version 1.0}",
 howpublished = {IVOA Recommendation 11 April 2020},
         year = 2020,
        month = apr,
        pages = {411},
       adsurl = {https://ui.adsabs.harvard.edu/abs/2020ivoa.spec.0411S},
      adsnote = {Provided by the SAO/NASA Astrophysics Data System}
}
@MISC{2008ivoa.spec.1030O,
       author = {{Osuna}, Pedro and {Ortiz}, I{\~n}aki and {Lusted}, Jeff and {Dowler}, Pat and {Szalay}, Alexander and {Shirasaki}, Yuji and {Nieto-Santisteban}, Maria A. and {Ohishi}, Masatoshi and {O'Mullane}, William and {VOQL-TEG Group} and {VOQL Working Group.}},
        title = "{IVOA Astronomical Data Query Language Version 2.00}",
     keywords = {Astrophysics - Instrumentation and Methods for Astrophysics},
 howpublished = {IVOA Recommendation 30 October 2008},
         year = 2008,
        month = oct,
        pages = {1030},
          doi = {10.5479/ADS/bib/2008ivoa.spec.1030O},
archivePrefix = {arXiv},
       eprint = {1110.0503},
 primaryClass = {astro-ph.IM},
       adsurl = {https://ui.adsabs.harvard.edu/abs/2008ivoa.spec.1030O},
      adsnote = {Provided by the SAO/NASA Astrophysics Data System}
}
@MISC{2019ivoa.spec.1007F,
       author = {{Fernique}, Pierre and {Boch}, Thomas and {Donaldson}, Tom and {Durand}, Daniel and {O'Mullane}, Wil and {Reinecke}, Martin and {Taylor}, Mark},
        title = "{MOC - HEALPix Multi-Order Coverage map Version 1.1}",
 howpublished = {IVOA Recommendation 07 October 2019},
         year = 2019,
        month = oct,
        pages = {1007},
       adsurl = {https://ui.adsabs.harvard.edu/abs/2019ivoa.spec.1007F},
      adsnote = {Provided by the SAO/NASA Astrophysics Data System}
}
@MISC{2009ivoa.spec.0421B,
       author = {{Boch}, Thomas and {Fitzpatrick}, Michael and {Taylor}, Mark and {Allan}, Alasdair and {Paioro}, Luigi and {Taylor}, John and {Tody}, Douglas},
        title = "{SAMP {\textemdash} Simple Application Messaging Protocol Version 1.11}",
 howpublished = {IVOA Recommendation 21 April 2009},
         year = 2009,
        month = apr,
        pages = {421},
          doi = {10.5479/ADS/bib/2009ivoa.spec.0421B},
       adsurl = {https://ui.adsabs.harvard.edu/abs/2009ivoa.spec.0421B},
      adsnote = {Provided by the SAO/NASA Astrophysics Data System}
}

@MISC{2019ivoa.rept.0520D,
       author = {{Demleitner}, Markus and {Taylor}, Mark},
        title = "{Discovering Data Collections Within Services Version 1.1}",
 howpublished = {IVOA Note 20 May 2019},
         year = 2019,
        month = may,
        pages = {520},
          doi = {10.5479/ADS/bib/2019ivoa.rept.0520D},
       adsurl = {https://ui.adsabs.harvard.edu/abs/2019ivoa.rept.0520D},
      adsnote = {Provided by the SAO/NASA Astrophysics Data System}
}


@misc{std:RFC2119,
        Author = {Scott Bradner},
        Howpublished = {RFC 2119},
        Month = mar,
        Organization = {IETF},
        Title = {Key words for use in {RFCs} to Indicate Requirement Levels},
        Url = {http://www.ietf.org/rfc/rfc2119.txt},
        Year = {1997}}


@article{10.1002/essoar.10500359.1, 
		author = {Piker, Chris and Granroth, Larry and Mukherjee, Joey and Pisa, David and Cecconi, Baptiste and Kopf, Andrew and Faden, Jeremy}, 
		title = {Lightweight Federated Data Networks with Das2 Tools}, journal = {Earth and Space Science Open Archive}, 
		pages = {1}, 
		year = {2019}, 
		DOI = {10.1002/essoar.10500359.1}, 
		url = {https://www.essoar.org/doi/abs/10.1002/essoar.10500359.1}, 
}

@article{10.5334/dsj-2020-012,
	author = {Cecconi, Baptiste and Loh, Alan and Le Sidaner, Pierre and Savalle, Renaud and Bonnin, Xavier and Nguyen, Quynh-Nhu and Lion, Sonny and Shih, Albert and Aicardi, St\'ephane and Zarka, Philippe and Louis, Corentin and Coffre, Andr\'ee and Lamy, Laurent and Denis, Laurent and Grie{\ss}meier, Jean-Mathias and Faden, Jeremy and Piker, Chris and Andr\'e, Nicolas and G\'enot, Vincent and Mafi, Joseph M and King, Todd A and Sky, Jim and Demleitner, Markus},
	year = 2020, 
	title = {{MASER: A Science Ready Toolbox for Low Frequency Radio Astronomy}},
	journal = {{Data Science Journal}}, 
	volume = 19, 
	number = 1, 
	pages = 12,
	DOI = {10.5334/dsj-2020-012}
	}
	
@article{10.1007/s12145-010-0049-0,
		author = {Faden, Jeremy B. and Weigel, Robert S. and Merka, Jan and Friedel, Reiner H. W.},
		title = {{Autoplot: a browser for scientific data on the web}},
		journal = {{Earth Science Informatics}}, 
		volume = 3,
		pages = {41-49},
		year = 2010,
		doi = {10.1007/s12145-010-0049-0},
}
@article{10.1016/j.ascom.2014.08.003,
	author = {{Demleitner}, M. and {Neves}, M.~C. and {Rothmaier}, F. and {Wambsganss}, J.},
	title = "{Virtual observatory publishing with DaCHS}",
	journal = {Astronomy and Computing},
	keywords = {Virtual observatory, Publication tools, Astrophysics - Instrumentation and Methods for Astrophysics, Computer Science - Software Engineering, 68U35},
	year = 2014,
	month = nov,
	volume = {7},
	pages = {27-36},
	doi = {10.1016/j.ascom.2014.08.003},
	archivePrefix = {arXiv},
	eprint = {1408.5733},
	primaryClass = {astro-ph.IM},
	adsurl = {https://ui.adsabs.harvard.edu/abs/2014A&C.....7...27D},
	adsnote = {Provided by the SAO/NASA Astrophysics Data System}
}

@INPROCEEDINGS{2002ASPC..281....3M,
       author = {{Mann}, Robert G. and {Astrogrid Consortium} and {Lawrence}, Andy and {Davenhall}, Clive and {Mann}, Bob and {McMahon}, Richard and {Irwin}, Mike and {Walton}, Nic and {Rixon}, Guy and {Watson}, Mike and {Osborne}, Julian and {Page}, Clive and {Allan}, Peter and {Giaretta}, David and {Perry}, Chris and {Pike}, Dave and {Sherman}, John and {Murtagh}, Fionn and {Harra}, Louise and {Bentley}, Bob and {Mason}, Keith and {Garrington}, Simon},
        title = "{AstroGrid: the UK's Virtual Observatory Initiative}",
     keywords = {virtual observatory, astronomical data centers, data archive, data mining, databases, distributed computation},
    booktitle = {Astronomical Data Analysis Software and Systems XI},
         year = 2002,
       editor = {{Bohlender}, David A. and {Durand}, Daniel and {Handley}, Thomas H.},
       series = {Astronomical Society of the Pacific Conference Series},
       volume = {281},
        month = jan,
        pages = {3},
       adsurl = {https://ui.adsabs.harvard.edu/abs/2002ASPC..281....3M},
      adsnote = {Provided by the SAO/NASA Astrophysics Data System}
}

@INPROCEEDINGS{2006evn..confE..56B,
       author = {{Beswick}, R. and {Garrington}, S.~T. and {Gonzalez-Solarez}, E. and {Harrison}, P.~A. and {Kettenis}, M. and {Muxlow}, T.~W.~B. and {Richards}, A.~M.~S. and {van Langevelde}, H.~J. and {Walton}, N.~A. and {Winstanley}, N.},
        title = "{On-demand radio imaging and access to calibrated data for all astronomers}",
    booktitle = {Proceedings of the 8th European VLBI Network Symposium},
         year = 2006,
       editor = {{Baan}, Willem and {Bachiller}, Rafael and {Booth}, Roy and {Charlot}, Patrick and {Diamond}, Phil and {Garrett}, Mike and {Hong}, Xiaoyu and {Jonas}, Justin and {Kus}, Andrzej and {Mantovani}, Franco and {Marecki}, Andrzej and {Olofsson}, Hans and {Schlueter}, Wolfgang and {Tornikoski}, Merja and {Wang}, Na and {Zensus}, Anton},
        month = jan,
          eid = {56},
        pages = {56},
       adsurl = {https://ui.adsabs.harvard.edu/abs/2006evn..confE..56B},
      adsnote = {Provided by the SAO/NASA Astrophysics Data System}
}

@INPROCEEDINGS{2006ASPC..351..267R,
       author = {{Richards}, A.~M.~S. and {Diamond}, P.~J. and {Garrington}, S.~T. and {Holloway}, A.~J. and {Muxlow}, T.~W.~B. and {Winstanley}, N. and {Harrison}, P.~A. and {Walton}, N.~A. and {Gonzales-Solares}, E. and {Rixon}, G.~T. and {Venturi}, T. and {Reynolds}, C.},
        title = "{Painless Access to Interferometry Images Comes Closer}",
    booktitle = {Astronomical Data Analysis Software and Systems XV},
         year = 2006,
       editor = {{Gabriel}, C. and {Arviset}, C. and {Ponz}, D. and {Enrique}, S.},
       series = {Astronomical Society of the Pacific Conference Series},
       volume = {351},
        month = jul,
        pages = {267},
       adsurl = {https://ui.adsabs.harvard.edu/abs/2006ASPC..351..267R},
      adsnote = {Provided by the SAO/NASA Astrophysics Data System}
}

@INPROCEEDINGS{2005ASPC..347..291H,
       author = {{Harrison}, P. and {Winstanley}, N. and {Taylor}, J.~D.},
        title = "{The AstroGrid Common Execution Architecture (CEA)}",
    booktitle = {Astronomical Data Analysis Software and Systems XIV},
         year = 2005,
       editor = {{Shopbell}, P. and {Britton}, M. and {Ebert}, R.},
       series = {Astronomical Society of the Pacific Conference Series},
       volume = {347},
        month = dec,
        pages = {291},
       adsurl = {https://ui.adsabs.harvard.edu/abs/2005ASPC..347..291H},
      adsnote = {Provided by the SAO/NASA Astrophysics Data System}
}

@ARTICLE{2020yCat.8104....0S,
       author = {{Stein}, Y. and {Vollmer}, B. and {Boch}, T. and {Landais}, G. and {Vannier}, P. and {Brouty}, M. and {Allen}, M.~G. and {Derriere}, S. and {Ocvirk}, P.},
        title = "{VizieR Online Data Catalog: SPECFIND V3.0 Catalog of radio continuum spectra (Stein+, 2020)}",
      journal = {VizieR Online Data Catalog},
     keywords = {Radio sources, Galaxies: radio, Radio continuum},
         year = 2020,
        month = jan,
          eid = {VIII/104},
        pages = {VIII/104},
       adsurl = {https://ui.adsabs.harvard.edu/abs/2020yCat.8104....0S},
      adsnote = {Provided by the SAO/NASA Astrophysics Data System}
}

@ARTICLE{2020arXiv201209273L,
       author = {{Louys}, Mireille and {Lutz}, Katharina and {Stein}, Yelena and {Egner}, Anais and {Bonnarel}, Fran{\c{c}}ois},
        title = "{Radio Astronomy visibility data discovery and access using IVOA standards}",
      journal = {arXiv e-prints},
     keywords = {Astrophysics - Instrumentation and Methods for Astrophysics},
         year = 2020,
        month = dec,
          eid = {arXiv:2012.09273},
        pages = {arXiv:2012.09273},
archivePrefix = {arXiv},
       eprint = {2012.09273},
 primaryClass = {astro-ph.IM},
       adsurl = {https://ui.adsabs.harvard.edu/abs/2020arXiv201209273L},
      adsnote = {Provided by the SAO/NASA Astrophysics Data System}
}

@MISC{2008ivoa.spec.0325L,
       author = {{Louys}, Mireille and {Richards}, Anita and {Bonnarel}, Fran{\c{c}}ois and {Micol}, Alberto and {Chilingarian}, Igor and {McDowell}, Jonathan and {IVOA Data Model Working Group}},
        title = "{Data Model for Astronomical DataSet Characterisation Version 1.13}",
     keywords = {Astrophysics - Instrumentation and Methods for Astrophysics},
 howpublished = {IVOA Recommendation 25 March 2008},
         year = 2008,
        month = mar,
        pages = {325},
          doi = {10.5479/ADS/bib/2008ivoa.spec.0325L},
archivePrefix = {arXiv},
       eprint = {1111.2281},
 primaryClass = {astro-ph.IM},
       adsurl = {https://ui.adsabs.harvard.edu/abs/2008ivoa.spec.0325L},
      adsnote = {Provided by the SAO/NASA Astrophysics Data System}
}

@INPROCEEDINGS{2011ASPC..442...53A,
       author = {{Anderson}, K. and {Alexov}, A. and {B{\"a}hren}, L. and {Grie{\ss}meier}, J. -M. and {Wise}, M. and {Renting}, G.~A.},
        title = "{LOFAR and HDF5: Toward a New Radio Data Standard}",
     keywords = {Astrophysics - Instrumentation and Methods for Astrophysics, Astrophysics - Cosmology and Extragalactic Astrophysics},
    booktitle = {Astronomical Data Analysis Software and Systems XX},
         year = 2011,
       editor = {{Evans}, I.~N. and {Accomazzi}, A. and {Mink}, D.~J. and {Rots}, A.~H.},
       series = {Astronomical Society of the Pacific Conference Series},
       volume = {442},
        month = jul,
        pages = {53},
archivePrefix = {arXiv},
       eprint = {1012.2266},
 primaryClass = {astro-ph.IM},
       adsurl = {https://ui.adsabs.harvard.edu/abs/2011ASPC..442...53A},
      adsnote = {Provided by the SAO/NASA Astrophysics Data System}
}


